@article{ijert,
  author = {I.~Cheydorov, A.~Kuzmin},
  journal = {International Journal of Engineering Research and Technology (IJERT)},
  title = {Two Step Algorithm Of Separate Words Recognition In Continuous Speech Based On Usage Of Acoustic And Language Models},
  pages = {2413--2416},
  issue = 7,
  volume = 2,
  year = 2013,
  howpublished = {in russian}
}

@article{doklBguir2011,
  author = {V.~A.~Zhitko V.~N.~Valcev Yu.~S.~Gecevich A.~A.~Kuzmin},
  journal = {Doklady BGUIR. Electronics, Radiophysics, Radio Engineering, Informatics},
  title = {Natural Language User Interfaces for Question Answering Intelligent Systems},
  pages = {80--86},
  volume = 8, 
  year = 2011
}

@article{spTech2012,
  author = {A.~A.~Kuzmin},
  journal = {Speech Technology},
  title = {Speech Input Subsystem for the Semantic Knowledge Bases},
  pages = {26--35},
  volume = 4,
  year = 2010
}

@InProceedings{ostis2011,
  author = {V.~Zhitko, A.~Kuzmin and others},
  title = {Semantic Technology of the Natural Language Interface Component Design for the Intelligent Question Answering Systems},
  Booktitle = {Proc. of the International Scientific and Technical Conf. OSTIS~2011},
  year = 2011,
  pages = 395
}

@InProceedings{csist2011,
  author = {I.~A.~Kheidorov, A.~A.~Kuzmin},
  title = {Development of the Continuous Speech Recognition System Using Semantic Analysis},
  Booktitle = {Proc. of the International Congress CSIST'2011},
  volume = 2,
  year = 2011,
  pages = {380--385},
  city = Minsk
}

@InProceedings{ostis2012,
  author = {V.~Zhitko, A.~Kuzmin and others},
  title = {Semantic Technology of the Natural Russian and Belarusian Language Interface Design for the Question Answering Systems},
  Booktitle = {Proc. of the International Scientific and Technical Conf. OSTIS~2012},
  year = 2012,
  pages = 401
}

@InProceedings{csist2013,
  author = {I.~A.~Kheidorov, A.~A.~Kuzmin},
  title = {Speech Recognition System based on Support Vector Machines},
  Booktitle = {Proc. of the International Congress CSIST'2013},
  year = 2013
}

